@INPROCEEDINGS{Felleisen90expressive,
    author = {Matthias Felleisen},
    title = {On the Expressive Power of Programming Languages},
    booktitle = {Science of Computer Programming},
    year = {1990},
    pages = {134--151},
    publisher = {Springer-Verlag}
}

@ARTICLE{WeimerNecula08,
  added-at = {2008-03-31T00:00:00.000+0200},
  author = {Weimer, Westley and Necula, George C.},
  biburl = {http://www.bibsonomy.org/bibtex/22e45523cc2e0e88df2584d2d21cbee50/dblp},
  date = {2008-03-31},
  description = {dblp},
  ee = {http://doi.acm.org/10.1145/1330017.1330019},
  interhash = {81fecd06c5c8efee4637d4cbcd95385b},
  intrahash = {2e45523cc2e0e88df2584d2d21cbee50},
  journal = {ACM Trans. Program. Lang. Syst.},
  keywords = {dblp},
  number = 2,
  timestamp = {2008-03-31T00:00:00.000+0200},
  title = {Exceptional situations and program reliability.},
  url = {http://dblp.uni-trier.de/db/journals/toplas/toplas30.html#WeimerN08},
  volume = 30,
  year = 2008
}

@INPROCEEDINGS{ReflectionWithoutRemorse,
 author = {Ploeg, Atze van der and Kiselyov, Oleg},
 title = {Reflection Without Remorse: Revealing a Hidden Sequence to Speed Up Monadic Reflection},
 booktitle = {Proceedings of the 2014 ACM SIGPLAN Symposium on Haskell},
 series = {Haskell '14},
 year = {2014},
 isbn = {978-1-4503-3041-1},
 location = {Gothenburg, Sweden},
 pages = {133--144},
 numpages = {12},
 url = {http://doi.acm.org/10.1145/2633357.2633360},
 doi = {10.1145/2633357.2633360},
 acmid = {2633360},
 publisher = {ACM},
 address = {New York, NY, USA},
 keywords = {data structures, monads, performance, reflection},
}

@ARTICLE{MFDC,
  added-at = {2011-03-21T00:00:00.000+0100},
  author = {Dybvig, R. Kent and Jones, Simon L. Peyton and Sabry, Amr},
  biburl = {http://www.bibsonomy.org/bibtex/2695a74810a47d7fd3382786b07b812f5/dblp},
  ee = {http://dx.doi.org/10.1017/S0956796807006259},
  interhash = {ab4ebe6becc17428f6b1ec6441b2acf5},
  intrahash = {695a74810a47d7fd3382786b07b812f5},
  journal = {J. Funct. Program.},
  keywords = {dblp},
  number = 6,
  pages = {687-730},
  timestamp = {2011-03-21T00:00:00.000+0100},
  title = {A monadic framework for delimited continuations.},
  url = {http://dblp.uni-trier.de/db/journals/jfp/jfp17.html#DybvigJS07},
  volume = 17,
  year = 2007
}

@INPROCEEDINGS{Filinski94,
    author = {Andrzej Filinski},
    title = {Representing Monads},
    booktitle = {Proceedings of the Twenty-First Annual ACM Symposium on Principles of Programming Languages},
    year = {1994},
    pages = {446--457},
    publisher = {ACM Press}
}

@ARTICLE{ControlDelimitersHierarchy,
    year={1990},
    issn={0892-4635},
    journal={LISP and Symbolic Computation},
    volume={3},
    number={1},
    doi={10.1007/BF01806126},
    title={Control delimiters and their hierarchies},
    url={http://dx.doi.org/10.1007/BF01806126},
    publisher={Kluwer Academic Publishers},
    keywords={Scheme; Control structure; Continuations; Control delimiters; Engines},
    author={Sitaram, Dorai and Felleisen, Matthias},
    pages={67-99},
    language={English}
}

@INPROCEEDINGS{Sitaram90,
    author = {Dorai Sitaram and Matthias Felleisen},
    title = {Reasoning with Continuations II: Full Abstraction for Models of Control},
    booktitle = {In Proceedings of the 1990 ACM Conference on Lisp and Functional Programming},
    year = {1990},
    pages = {161--175},
    publisher = {ACM}
}

@misc{PEP343,
    author = {Guido van Rossum and Nick Coghlan},
    title = {{PEP 343: The ``with'' Statement}},
    howpublished = {{http://legacy.python.org/dev/peps/pep-0343/}},
    institution = {Python Software Foundation},
    month = {June},
    year = {2011}
}

@TECHREPORT{cSharpStandard,
    author = {Scott Wiltamuth and Anders Hejlsberg},
    title = {{C\# Language Specification}},
    url = {http://msdn.microsoft.com/en-us/library/aa664736\%28v=vs.71\%29.aspx},
    institution = {Microsoft},
    year = {2003}
}

@misc{pythonDocs,
	author = {Python Software Foundation},
	title = {Python Language Reference, version 2.7},
	howpublished = {{http://www.python.org/}}
}

@book{DReference,
 author = {Alexandrescu, Andrei},
 title = {The D Programming Language},
 year = {2010},
 isbn = {0321635361, 9780321635365},
 edition = {1st},
 publisher = {Addison-Wesley Professional},
} 

@book{GoLanguage,
 author = {Baugh, John P.},
 title = {Go Programming},
 year = {2010},
 isbn = {1453636676, 9781453636671},
 publisher = {CreateSpace},
 address = {Paramount, CA},
} 

@misc{DExceptionSafety,
  title = {Exception Safety},
  author = {Digital Mars},
  howpublished = {{http://dlang.org/exception-safe.html}},
  note = {Accessed: 2015-07-19},
 institution = {Digital Mars}
}

@misc{RacketReference,
    author = {Matthew Flatt},
    title = {{The Racket Reference}},
    howpublished = {http://docs.racket-lang.org/reference/index.html},
    note = {Accessed: 2015-6-12},
    institution = {PLT},
}

@BOOK{JavaStandard,
    author = {Gosling, James and Joy, Bill and Steele,Jr., Guy L. and Bracha, Gilad and Buckley, Alex},
    title = {The Java Language Specification, Java SE 7 Edition},
    year = {2013},
    isbn = {0133260224, 9780133260229},
    edition = {1st},
    publisher = {Addison-Wesley Professional},
}

@BOOK{cplusplusLanguage,
    author = {Stroustrup, Bjarne},
    title = {The  C++ Programming Language},
    year = {2000},
    isbn = {0201700735},
    edition = {3rd},
    publisher = {Addison-Wesley Longman Publishing Co., Inc.},
    address = {Boston, MA, USA},
}

@BOOK{evolutionCplusplus,
    author = {Stroustrup, Bjarne},
    title = {The Design and Evolution of C++},
    year = {1994},
    isbn = {0-201-54330-3},
    publisher = {ACM Press/Addison-Wesley Publishing Co.},
    address = {New York, NY, USA},
}

@book{programmingRuby,
    author = {Thomas, Dave and Fowler, Chad and Hunt, Andy},
    title = {Programming Ruby 1.9: The Pragmatic Programmers' Guide},
    year = {2009},
    isbn = {1934356085, 9781934356081},
    edition = {3rd},
    publisher = {Pragmatic Bookshelf},
}

@INPROCEEDINGS{awkwardSquad,
    author = {Simon Peyton Jones},
    title = {Tackling the Awkward Squad: monadic input/output, concurrency, exceptions, and foreign-language calls in Haskell},
    booktitle = {Engineering theories of software construction},
    year = {2002},
    pages = {47--96},
    publisher = {Press}
}

@article{continuationsInProcObjs,
    author = {Haynes, Christopher T. and Friedman, Daniel P.},
    title = {Embedding Continuations in Procedural Objects},
    journal = {ACM Trans. Program. Lang. Syst.},
    issue_date = {Oct. 1987},
    volume = {9},
    number = {4},
    month = oct,
    year = {1987},
    issn = {0164-0925},
    pages = {582--598},
    numpages = {17},
    url = {http://doi.acm.org/10.1145/29873.30392},
    doi = {10.1145/29873.30392},
    acmid = {30392},
    publisher = {ACM},
    address = {New York, NY, USA},
}

@article{addDelimControlProduction,
    author = {Flatt, Matthew and Yu, Gang and Findler, Robert Bruce and Felleisen, Matthias},
    title = {Adding Delimited and Composable Control to a Production Programming Environment},
    journal = {SIGPLAN Not.},
    issue_date = {September 2007},
    volume = {42},
    number = {9},
    month = oct,
    year = {2007},
    issn = {0362-1340},
    pages = {165--176},
    numpages = {12},
    url = {http://doi.acm.org/10.1145/1291220.1291178},
    doi = {10.1145/1291220.1291178},
    acmid = {1291178},
    publisher = {ACM},
    address = {New York, NY, USA},
}

@article{finalShiftForCallcc,
 author = {Gasbichler, Martin and Sperber, Michael},
 title = {Final Shift for Call/Cc:: Direct Implementation of Shift and Reset},
 journal = {SIGPLAN Not.},
 issue_date = {September 2002},
 volume = {37},
 number = {9},
 month = sep,
 year = {2002},
 issn = {0362-1340},
 pages = {271--282},
 numpages = {12},
 url = {http://doi.acm.org/10.1145/583852.581504},
 doi = {10.1145/583852.581504},
 acmid = {581504},
 publisher = {ACM},
 address = {New York, NY, USA},
 keywords = {continuations, implementation, scheme},
}


@ARTICLE{StateInHaskell,
    author = {Launchbury, John and Peyton Jones, Simon},
    journal = {Lisp and Symbolic Computation},
    number = {4},
    pages = {293--341},
    posted-at = {2007-11-30 23:38:50},
    priority = {0},
    title = {{State in Haskell}},
    volume = {8},
    year = {1995}
}

@MISC{GreatEscape,
    author = {David Herman},
    title = {Functional Pearl: The Great Escape: Or, How to jump the border without getting caught},
    year = {2007}
}

@inproceedings{PromptApplication,
 author = {Felleisen, Mattias},
 title = {The Theory and Practice of First-class Prompts},
 booktitle = {Proceedings of the 15th ACM SIGPLAN-SIGACT Symposium on Principles of Programming Languages},
 series = {POPL '88},
 year = {1988},
 isbn = {0-89791-252-7},
 location = {San Diego, California, USA},
 pages = {180--190},
 numpages = {11},
 url = {http://doi.acm.org/10.1145/73560.73576},
 doi = {10.1145/73560.73576},
 acmid = {73576},
 publisher = {ACM},
 address = {New York, NY, USA},
}

@INPROCEEDINGS{AbstractingControl,
    author = {Olivier Danvy and Andrzej Filinski},
    title = {Abstracting Control},
    booktitle = {In Proceedings of the 1990 ACM Conference on LISP and Functional Programming},
    year = {1990},
    pages = {151--160},
    publisher = {ACM Press}
}

@article{ContinuationsAndConcurrency,
 author = {Hieb, R. and Dybvig, R. Kent},
 title = {Continuations and Concurrency},
 journal = {SIGPLAN Not.},
 issue_date = {Mar. 1990},
 volume = {25},
 number = {3},
 month = feb,
 year = {1990},
 issn = {0362-1340},
 pages = {128--136},
 numpages = {9},
 url = {http://doi.acm.org/10.1145/99164.99178},
 doi = {10.1145/99164.99178},
 acmid = {99178},
 publisher = {ACM},
 address = {New York, NY, USA},
}

@inproceedings{Gunter:1995,
 author = {Gunter, Carl A. and R{\'e}my, Didier and Riecke, Jon G.},
 title = {A Generalization of Exceptions and Control in ML-like Languages},
 booktitle = {Proceedings of the Seventh International Conference on Functional Programming Languages and Computer Architecture},
 series = {FPCA '95},
 year = {1995},
 isbn = {0-89791-719-7},
 location = {La Jolla, California, USA},
 pages = {12--23},
 numpages = {12},
 url = {http://doi.acm.org/10.1145/224164.224173},
 doi = {10.1145/224164.224173},
 acmid = {224173},
 publisher = {ACM},
 address = {New York, NY, USA},
}

@INPROCEEDINGS{HandlingControl,
    author = {Dorai Sitaram},
    title = {Handling Control},
    booktitle = {In Proceedings of the ACM SIGPLAN Conference on Programming Language Design and Implementation},
    year = {1993},
    pages = {147--155},
    publisher = {ACM Press}
}

@inproceedings{ContInNatlang,
    address = {Birmingham, UK},
    author = {Barker, Chris},
    booktitle = {Proceedings of the Fourth ACM SIGPLAN Continuations Workshop (CW'04).},
    year = {2004},
    editor = {Thielecke, Hayo},
    institution = {School of Computer Science, University of Birmingham},
    keywords = {continuations, semantics},
    posted-at = {2006-03-06 01:16:05},
    priority = {2},
    title = {{Continuations in Natural Language}},
    url = {http://ling.ucsd.edu/\~{}barker/Research/barker-cw.pdf}
}

@article{SchemeOpSem,
 author = {Ramsdell, John D.},
 title = {An Operational Semantics for Scheme},
 journal = {Lisp Symb. Comput.},
 issue_date = {April June, 1992},
 volume = {5},
 number = {2},
 month = apr,
 year = {1992},
 issn = {0892-4635},
 pages = {6--10},
 numpages = {5},
 url = {http://dl.acm.org/citation.cfm?id=150161.150165},
 acmid = {150165},
 publisher = {Kluwer Academic Publishers},
 address = {Hingham, MA, USA},
} 

@book{knuth1997computer,
  address = {Reading, Mass.},
  author = {Knuth, Donald Ervin},
  description = {Amazon.com: The Art of Computer Programming, Volumes 1-4A Boxed Set (9780321751041): Donald E. Knuth: Books},
  keywords = {computer knuth programming},
  publisher = {Addison-Wesley},
  title = {The Art of Computer Programming},
  year = 1997
}


@book{SICP,
 author = {Abelson, Harold and Sussman, Gerald J.},
 title = {Structure and Interpretation of Computer Programs},
 year = {1996},
 isbn = {0262011530},
 edition = {2nd},
 publisher = {MIT Press},
 address = {Cambridge, MA, USA},
}

@incollection{LambdaWithTypes,
 author = {Barendregt, H. P.},
 title = {Lambda Calculi with Types},
 booktitle = {Handbook of Logic in Computer Science (Vol. 2)},
 editor = {Abramsky, S. and Gabbay, Dov M. and Maibaum, S. E.},
 year = {1992},
 isbn = {0-19-853761-1},
 pages = {117--309},
 numpages = {193},
 url = {http://dl.acm.org/citation.cfm?id=162552.162561},
 acmid = {162561},
 publisher = {Oxford University Press, Inc.},
 address = {New York, NY, USA},
}

@inproceedings{RacketImplFCC,
    address = {New York, NY, USA},
    author = {Flatt, Matthew and Yu, Gang and Findler, Robert B. and Felleisen, Matthias},
    booktitle = {Proceedings of the 12th ACM SIGPLAN international conference on Functional programming},
    doi = {10.1145/1291220.1291178},
    keywords = {continuations, control, racket},
    month = oct,
    pages = {165--176},
    publisher = {ACM},
    title = {{Adding delimited and composable control to a production programming environment}},
    url = {http://dx.doi.org/10.1145/1291220.1291178},
    year = {2007}
}

@article{ScalaImplFCC,
 author = {Rompf, Tiark and Maier, Ingo and Odersky, Martin},
 title = {Implementing First-class Polymorphic Delimited Continuations by a Type-directed Selective CPS-transform},
 journal = {SIGPLAN Not.},
 issue_date = {September 2009},
 volume = {44},
 number = {9},
 month = aug,
 year = {2009},
 issn = {0362-1340},
 pages = {317--328},
 numpages = {12},
 url = {http://doi.acm.org/10.1145/1631687.1596596},
 doi = {10.1145/1631687.1596596},
 acmid = {1596596},
 publisher = {ACM},
 address = {New York, NY, USA},
 keywords = {control effects, delimited continuations, program transformation, selective CPS transform},
} 

@article{ISWIM,
 author = {Landin, P. J.},
 title = {The Next 700 Programming Languages},
 journal = {Commun. ACM},
 issue_date = {March 1966},
 volume = {9},
 number = {3},
 month = mar,
 year = {1966},
 issn = {0001-0782},
 pages = {157--166},
 numpages = {10},
 url = {http://doi.acm.org/10.1145/365230.365257},
 doi = {10.1145/365230.365257},
 acmid = {365257},
 publisher = {ACM},
 address = {New York, NY, USA},
} 

@article{DiscoverContinuations,
    author = {Reynolds, John C.},
    journal = {Lisp and Symbolic Computation},
    number = {3-4},
    pages = {233--248},
    posted-at = {2011-03-10 17:15:23},
    priority = {2},
    title = {{The Discoveries of Continuations}},
    volume = {6},
    year = {1993}
}

@techreport{InterpreterForScheme,
 author = {Sussman, Gerald J. and Steele,Jr., Guy L.},
 title = {An Interpreter for Extended Lambda Calculus},
 year = {1975},
 source = {http://www.ncstrl.org:8900/ncstrl/servlet/search?formname=detail\&id=oai%3Ancstrlh%3Amitai%3AMIT-AILab%2F%2FAIM-349},
 publisher = {Massachusetts Institute of Technology},
 address = {Cambridge, MA, USA},
} 

@article{DelimDynBinding,
 author = {Kiselyov, Oleg and Shan, Chung-chieh and Sabry, Amr},
 title = {Delimited Dynamic Binding},
 journal = {SIGPLAN Not.},
 issue_date = {September 2006},
 volume = {41},
 number = {9},
 month = sep,
 year = {2006},
 issn = {0362-1340},
 pages = {26--37},
 numpages = {12},
 url = {http://doi.acm.org/10.1145/1160074.1159808},
 doi = {10.1145/1160074.1159808},
 acmid = {1159808},
 publisher = {ACM},
 address = {New York, NY, USA},
 keywords = {delimited continuations, dynamic binding, monads},
}

@inproceedings{TheoremsForFree,
 author = {Wadler, Philip},
 title = {Theorems for Free!},
 booktitle = {Proceedings of the Fourth International Conference on Functional Programming Languages and Computer Architecture},
 series = {FPCA '89},
 year = {1989},
 isbn = {0-89791-328-0},
 location = {Imperial College, London, United Kingdom},
 pages = {347--359},
 numpages = {13},
 url = {http://doi.acm.org/10.1145/99370.99404},
 doi = {10.1145/99370.99404},
 acmid = {99404},
 publisher = {ACM},
 address = {New York, NY, USA},
} 

@article{DataTypesALaCarte,
 author = {Swierstra, Wouter},
 title = {Data Types \&\#224; La Carte},
 journal = {J. Funct. Program.},
 issue_date = {July 2008},
 volume = {18},
 number = {4},
 month = jul,
 year = {2008},
 issn = {0956-7968},
 pages = {423--436},
 numpages = {14},
 url = {http://dx.doi.org/10.1017/S0956796808006758},
 doi = {10.1017/S0956796808006758},
 acmid = {1394795},
 publisher = {Cambridge University Press},
 address = {New York, NY, USA},
} 